@inproceedings{Dinaburg08,
  author    = {Artem Dinaburg and Paul Royal and Monirul I. Sharif and Wenke Lee},
  title     = {Ether: malware analysis via hardware virtualization extensions},
  booktitle = {ACM Conference on Computer and Communications Security},
  year      = {2008},
  pages     = {51-62},
  ee        = {http://doi.acm.org/10.1145/1455770.1455779},
}

@article{Willems:2007,
 author = {Willems, Carsten and Holz, Thorsten and Freiling, Felix},
 title = {Toward Automated Dynamic Malware Analysis Using CWSandbox},
 journal = {IEEE Security and Privacy},
 issue_date = {March 2007},
 volume = {5},
 number = {2},
 month = mar,
 year = {2007},
 issn = {1540-7993},
 pages = {32--39},
 numpages = {8},
 url = {http://dx.doi.org/10.1109/MSP.2007.45},
 doi = {10.1109/MSP.2007.45},
 acmid = {1262675},
 publisher = {IEEE Educational Activities Department},
 address = {Piscataway, NJ, USA},
 keywords = {API hooking, CWSandbox, DLL injection, attacks, malware analysis and detection, malware analysis and detection, security, CWSandbox, API hooking, DLL injection, attacks, security},
}


@MISC{Bayer06,
    author = {Ulrich Bayer and Christopher Kruegel and Engin Kirda},
    title = {TTAnalyze: A Tool for Analyzing Malware},
    year = {2006}
}


@inproceedings{Chuah:1998,
 author = {Chuah, Mei C.},
 title = {Dynamic Aggregation with Circular Visual Designs},
 booktitle = {Proceedings of the 1998 IEEE Symposium on Information Visualization},
 series = {INFOVIS '98},
 year = {1998},
 isbn = {0-8186-9093-3},
 location = {North Carolina},
 pages = {35--43},
 numpages = {9},
 url = {http://dl.acm.org/citation.cfm?id=647341.721210},
 acmid = {721210},
 publisher = {IEEE Computer Society},
 address = {Washington, DC, USA},
}


@article{Quist11,
  author    = {Daniel Quist and
               Lorie M. Liebrock},
  title     = {Reversing Compiled Executables for Malware Analysis via
               Visualization},
  journal   = {Information Visualization},
  volume    = {10},
  number    = {2},
  year      = {2011},
  pages     = {117-126},
  ee        = {http://dx.doi.org/10.1057/ivs.2010.11},
  bibsource = {DBLP, http://dblp.uni-trier.de}
}


@inproceedings{Lakkaraju:2004,
 author = {Lakkaraju, Kiran and Yurcik, William and Lee, Adam J.},
 title = {NVisionIP: netflow visualizations of system state for security situational awareness},
 booktitle = {Proceedings of the 2004 ACM workshop on Visualization and data mining for computer security},
 series = {VizSEC/DMSEC '04},
 year = {2004},
 isbn = {1-58113-974-8},
 location = {Washington DC, USA},
 pages = {65--72},
 numpages = {8},
 url = {http://doi.acm.org/10.1145/1029208.1029219},
 doi = {10.1145/1029208.1029219},
 acmid = {1029219},
 publisher = {ACM},
 address = {New York, NY, USA},
 keywords = {NetFlows, security system state, security visualization, situational awareness},
}

@inproceedings{McPherson:2004,
 author = {McPherson, Jonathan and Ma, Kwan-Liu and Krystosk, Paul and Bartoletti, Tony and Christensen, Marvin},
 title = {PortVis: a tool for port-based detection of security events},
 booktitle = {Proceedings of the 2004 ACM workshop on Visualization and data mining for computer security},
 series = {VizSEC/DMSEC '04},
 year = {2004},
 isbn = {1-58113-974-8},
 location = {Washington DC, USA},
 pages = {73--81},
 numpages = {9},
 url = {http://doi.acm.org/10.1145/1029208.1029220},
 doi = {10.1145/1029208.1029220},
 acmid = {1029220},
 publisher = {ACM},
 address = {New York, NY, USA},
 keywords = {information visualization, network security, user interfaces},
}

@book{Marty:2008,
 author = {Marty, Raffael},
 title = {Applied Security Visualization},
 year = {2008},
 isbn = {0321510100, 9780321510105},
 edition = {1},
 publisher = {Addison-Wesley Professional},
}

@misc{Conti,
   author = {Gregory Conti},
   title = {www.rumint.org, Rumint: A PVR for Network Traffic and Security Visualization},
   year = {2006},
   howpublished = {www.rumint.org}
}
@misc{dpkt,
	 title = {\url{http://code.google.com/p/dpkt}},
	 author = {Python packet creation and parsing library}
}
@misc{jython,
	title = {\url{http://www.jython.org}},
	author = {Jython}

}
@misc{svn,
	title = {\url{http://tortoisesvn.net}},
	author = {TortoiseSVN}
}


@inproceedings{Averbukh:2007,
 author = {Averbukh, Vladimir and Bakhterev, Mikhail and Baydalin, Aleksandr and Ismagilov, Damir and Trushenkova, Polina},
 title = {Interface and visualization metaphors},
 booktitle = {Proceedings of the 12th international conference on Human-computer interaction: interaction platforms and techniques},
 series = {HCI'07},
 year = {2007},
 isbn = {978-3-540-73106-1},
 location = {Beijing, China},
 pages = {13--22},
 numpages = {10},
 url = {http://dl.acm.org/citation.cfm?id=1757268.1757271},
 acmid = {1757271},
 publisher = {Springer-Verlag},
 address = {Berlin, Heidelberg},
 keywords = {computer metaphor, interface, visualization},
}

@misc{Marty,
	author={Raffael Marty},
	title={afterglow.sourceforge.net, AfterGlow: Link Graph Visualization for Network Flow Data},
	year = {2007},
  howpublished = {afterglow.sourceforge.net}
}

@misc{Wireshark,
	author ={Gerald Combs},
	title = {www.wireshark.org}

}

@misc{Processing,
	author={ Ben Fry and Casey Reas},
	title ={www.processing.org}
}

@inproceedings{Blue:2008,
 author = {Blue, Ryan and Dunne, Cody and Fuchs, Adam and King, Kyle and Schulman, Aaron},
 title = {Visualizing Real-Time Network Resource Usage},
 booktitle = {Proceedings of the 5th international workshop on Visualization for Computer Security},
 series = {VizSec '08},
 year = {2008},
 isbn = {978-3-540-85931-4},
 location = {Cambridge, MA, USA},
 pages = {119--135},
 numpages = {17},
 url = {http://dx.doi.org/10.1007/978-3-540-85933-8_12},
 doi = {10.1007/978-3-540-85933-8_12},
 acmid = {1431925},
 publisher = {Springer-Verlag},
 address = {Berlin, Heidelberg},
 keywords = {Force-Directed, Network Administration, Real-Time, Treemap},
}

@inproceedings{Goodall:2005,
 author = {Goodall, John R. and Lutters, Wayne G. and Rheingans, Penny and Komlodi, Anita},
 title = {Preserving the Big Picture: Visual Network Traffic Analysis with TNV},
 booktitle = {Proceedings of the IEEE Workshops on Visualization for Computer Security},
 series = {VIZSEC '05},
 year = {2005},
 isbn = {0-7803-9477-1},
 pages = {6--},
 url = {http://dx.doi.org/10.1109/VIZSEC.2005.17},
 doi = {10.1109/VIZSEC.2005.17},
 acmid = {1106735},
 publisher = {IEEE Computer Society},
 address = {Washington, DC, USA},
 keywords = {Network visualization, network analysis, information visualization, intrusion detection},
}

@article{Goodall:2006,
 author = {Goodall, John R. and Lutters, Wayne G. and Rheingans, Penny and Komlodi, Anita},
 title = {Focusing on Context in Network Traffic Analysis},
 journal = {IEEE Comput. Graph. Appl.},
 issue_date = {March 2006},
 volume = {26},
 number = {2},
 month = mar,
 year = {2006},
 issn = {0272-1716},
 pages = {72--80},
 numpages = {9},
 url = {http://dx.doi.org/10.1109/MCG.2006.31},
 doi = {10.1109/MCG.2006.31},
 acmid = {1128622},
 publisher = {IEEE Computer Society Press},
 address = {Los Alamitos, CA, USA},
 keywords = {information visualization, user-centered design, network analysis, visualization for computer security},
}

@inproceedings{Duan:2004,
 author = {Duan, Jiang and Qiu, Guoping},
 title = {Fast Tone Mapping for High Dynamic Range Images},
 booktitle = {Proceedings of the Pattern Recognition, 17th International Conference on (ICPR'04) Volume 2 - Volume 02},
 series = {ICPR '04},
 year = {2004},
 isbn = {0-7695-2128-2},
 pages = {847--850},
 numpages = {4},
 url = {http://dx.doi.org/10.1109/ICPR.2004.382},
 doi = {10.1109/ICPR.2004.382},
 acmid = {1020843},
 publisher = {IEEE Computer Society},
 address = {Washington, DC, USA},
}
